@inproceedings{hassan2015quest,
  title={The quest to automate fact-checking},
  author={Hassan, Naeemul and Adair, Bill and Hamilton, James T and Li, Chengkai and Tremayne, Mark and Yang, Jun and Yu, Cong},
  booktitle={Proceedings of the 2015 Computation+ Journalism Symposium},
  year={2015}
}